@article{Nakamoto-bitcoin,
  title={Bitcoin: A peer-to-peer electronic cash system},
  author={Nakamoto, Satoshi},
  journal={Consulted},
  volume={1},
  number={2014},
  pages={28},
  year={2008}
}


@MISC{Bitcoin.org-site,
      author = {Bitcoin Organisation},
      title = {Bitcoin website},
      month = {November},
      year = {2014},
      howpublished ={\url{https://bitcoin.org/}}
}

@MISC{Blockchain.info-bcs,
      author = {Blockchain.info},
      title = {Block chain size},
      month = {November},
      year = {2014},
      howpublished ={\url{https://blockchain.info/charts/blocks-size}}
}
