@book{VanderLubbe-crypto,
  title={Basic methods of cryptography},
  author={Van Der Lubbe, Jan CA and Lubbe, Jan CA},
  year={1998},
  publisher={Cambridge University Press}
}

@book{meulpolder-bartercast,
  title={Managing supply and demand of bandwidth in peer-to-peer communities},
  author={Meulpolder, Michel},
  year={2011},
  publisher={TU Delft, Delft University of Technology}
}

@mscthesis{Plak-anonymous,
  title={Anonymous Internet: Anonymizing peer-to-peer traffic using applied cryptography},
  author={Plak, RS},
  year={2014},
  school={TU Delft, Delft University of Technology}
}

@article{zeilemaker-dispersy,
  title={Dispersy bundle synchronization},
  author={Zeilemaker, Niels and Schoon, Boudewijn and Pouwelse, Johan},
  journal={TU Delft, Parallel and Distributed Systems},
  year={2013}
}


@article{Nowak-PrisonerDilemma,
  title={The evolution of stochastic strategies in the prisoner's dilemma},
  author={Nowak, Martin and Sigmund, Karl},
  journal={Acta Applicandae Mathematicae},
  volume={20},
  number={3},
  pages={247--265},
  year={1990},
  publisher={Springer}
}


@article{Hardin-Tragedy,
  title={The tragedy of the commons},
  author={Hardin, Garrett},
  journal={science},
  volume={162},
  number={3859},
  pages={1243--1248},
  year={1968},
  publisher={American Association for the Advancement of Science}
}

@article{Nowak-Cooperation,
  title={Five rules for the evolution of cooperation},
  author={Nowak, Martin A},
  journal={science},
  volume={314},
  number={5805},
  pages={1560--1563},
  year={2006},
  publisher={American Association for the Advancement of Science}
}

@inproceedings{Lai-Incentives,
  title={Incentives for cooperation in peer-to-peer networks},
  author={Lai, Kevin and Feldman, Michal and Stoica, Ion and Chuang, John},
  booktitle={Workshop on economics of peer-to-peer systems},
  pages={1243--1248},
  year={2003}
} 

@inproceedings{Anderegg-AdHoc,
  title={Ad hoc-VCG: a truthful and cost-efficient routing protocol for mobile ad hoc networks with selfish agents},
  author={Anderegg, Luzi and Eidenbenz, Stephan},
  booktitle={Proceedings of the 9th annual international conference on Mobile computing and networking},
  pages={245--259},
  year={2003},
  organization={ACM}
}


@inproceedings{meulpolder-privatecommunities,
	title={Public and private BitTorrent communities: a measurement study.},
	author={Meulpolder, Michel and D'Acunto, Lucia and Capota, Mihai and Wojciechowski, Maciej and Pouwelse, Johan A and Epema, Dick HJ and Sips, Henk J},
	booktitle={IPTPS},
	pages={10},
	year={2010}
}

@inproceedings{newsome-sybil,
  title={The sybil attack in sensor networks: analysis \& defenses},
  author={Newsome, James and Shi, Elaine and Song, Dawn and Perrig, Adrian},
  booktitle={Proceedings of the 3rd international symposium on Information processing in sensor networks},
  pages={259--268},
  year={2004},
  organization={ACM}
}

@inproceedings{dinger-sybil,
  title={Defending the sybil attack in p2p networks: Taxonomy, challenges, and a proposal for self-registration},
  author={Dinger, Jochen and Hartenstein, Hannes},
  booktitle={Availability, Reliability and Security, 2006. ARES 2006. The First International Conference on},
  pages={8--pp},
  year={2006},
  organization={IEEE}
}

@inproceedings{pouwelse-buddycast,
	author          = {J.A. Pouwelse and J. Yang and M. Meulpolder and D.H.J. Epema and H.J. Sips},
	title           = {Buddycast: an Operational Peer-to-Peer Epidemic Protocol Stack},
	booktitle       = {Proc. of the 14th Annual Conf. of the Advanced School for Computing and Imaging},
	publisher       = {ASCI},
	year            = {2008},
	editor          = {G.J.M. Smit and D.H.J. Epema and M.S. Lew},
	pages           = {200-205},
	isbn            = {978-90-810849-3-2},
	url             = {http://www.pds.ewi.tudelft.nl/fileadmin/pds/reports/2008/PDS-2008-005.pdf},
	project         = {P2Pfusion},
	topic           = {Peer-to-Peer},
	group           = {PDS}
}

@article{Adar-Freeriding,
  title={Free riding on Gnutella},
  author={Adar, Eytan and Huberman, Bernardo A},
  journal={First Monday},
  volume={5},
  number={10},
  year={2000}
}

@article{Maniatis-Timeline,
  title={Secure history preservation through timeline entanglement},
  author={Maniatis, Petros and Baker, Mary},
  journal={arXiv preprint cs/0202005},
  year={2002}
}

@article{levine-sybilsurvey,
  title={A survey of solutions to the sybil attack},
  author={Levine, Brian Neil and Shields, Clay and Margolin, N Boris},
  journal={University of Massachusetts Amherst, Amherst, MA},
  year={2006}
}

@article{Nakamoto-bitcoin,
  title={Bitcoin: A peer-to-peer electronic cash system},
  author={Nakamoto, Satoshi},
  journal={Consulted},
  volume={1},
  number={2014},
  pages={28},
  year={2008}
}

@article{Pouwelse-tribler,
	title={TRIBLER: a social-based peer-to-peer system},
	author={Pouwelse, Johan A and Garbacki, Pawel and Wang, Jun and Bakker, Arno and Yang, Jie and Iosup, Alexandru and Epema, Dick HJ and Reinders, Marcel and Van Steen, Maarten R and Sips, Henk J},
	journal={Concurrency and Computation: Practice and Experience},
	volume={20},
	number={2},
	pages={127--138},
	year={2008},
	publisher={Wiley Online Library}
}

@article{Bakker-tribler,
	title={Tribler protocol specification},
	author={Bakker, A and Mol, JJD and Yang, J and d’Acunto, L and Pouwelse, JA and Wang, J and Garbacki, P and Iosup, A and Doumen, J and Roozenburg, J and others},
	journal={URL: http://svn. tribler. org/bt2-design/protospec-unified},
	year={2009}
}

@MISC{Bitcoin.org-site,
      author = {Bitcoin Organisation},
      title = {Bitcoin website},
      month = {November},
      year = {2014},
      howpublished ={\url{https://bitcoin.org/}}
}

@MISC{Blockchain.info-bcs,
      author = {Blockchain.info},
      title = {Block chain size},
      month = {November},
      year = {2014},
      howpublished ={\url{https://blockchain.info/charts/blocks-size}}
}

@MISC{Blockchain.info-hashspeed,
      author = {Blockchain.info},
      title = {Hash rate},
      month = {March},
      year = {2015},
      howpublished ={\url{https://blockchain.info/charts/hash-rate}}
}

@MISC{Blockchain.info-difficulty,
      author = {Blockchain.info},
      title = {Difficulty},
      month = {March},
      year = {2014},
      howpublished = {\url{https://blockchain.info/charts/Difficulty}}
}

@misc{andresen-blocksize,
  title={Bitcoin Improvement Proposal 0101: Increase maximum block size},
  author={Andresen, Gavin},
  year={2015}
}

@misc{garzik-blocksize,
  title={Bitcoin Improvement Proposal 0102: Block size increase to 2MB},
  author={Garzik, Jeff},
  year={2015}
}

@MISC{Cohen-bittorrent,
	title = {The BitTorrent protocol specification},
	author = {Cohen, Bram},
	year = {2008},
	publisher = {BITTORRENT},
	howpublished = {\url{https://www.bittorrent.org/beps/bep_0003.html}}
}


@incollection{asokan-fairexchange,
  title={Optimistic fair exchange of digital signatures},
  author={Asokan, Nadarajah and Shoup, Victor and Waidner, Michael},
  booktitle={Advances in Cryptology—EUROCRYPT'98},
  pages={591--606},
  year={1998},
  publisher={Springer}
}

@incollection{douceur-sybil,
  title={The sybil attack},
  author={Douceur, John R},
  booktitle={Peer-to-peer Systems},
  pages={251--260},
  year={2002},
  publisher={Springer}
}
