@ONLINE{Namecoin,
key = {Blockchain},
month = oct,
year = {2014},
title = {Namecoin},
howpublished={\url{http://namecoin.info}}
}

@article{fromknecht2014certcoin,
  title={CertCoin: A NameCoin Based Decentralized Authentication System 6.857 Class Project},
  author={Fromknecht, Conner and Velicanu, Dragos and Yakoubov, Sophia},
  year={2014}
}

@misc{garmandecentralized,
  title={Decentralized Anonymous Credentials. ePrint, 2013/622, 2013},
  author={Garman, C and Green, M and Miers, I}
}
