@comment{
  An article from a journal or a magazine

  required fields: author, title, journal, year
  optional fields: volume, number, pages, month, note
}

@Article{a,
  author    =   "",
  title     =   "",
  journal   =   "",
  year      =   "",
  volume    =   "",
  number    =   "",
  pages     =   "",
  month     =   "",
  note      =   ""
}

