@comment{
  A work that is printed and bound, but without a named publisher or sponsoring institution
                                                                                                                                                             
  required fields: title
  optional fields: author, howpublished, address, month, year, note
}
                                                                                                                                                             
@Booklet{,
  title        = "",
  author       = "",
  howpublished = "",
  address      = "",
  month        = "",
  year         = "",
  note         = ""
}

