@comment{
  A book with an explicit publisher

  required fields: author XOR editor, title, publisher, year
  optional fields: volume XOR number, series, address, edition, month, note
}

@Book{,
  author    = "",
  editor    = "",
  title     = "",
  publisher = "",
  year      = "",
  volume    = "",
  number    = "",
  series    = "",
  address   = "",
  edition   = "",
  month     = "",
  note      = ""
}

