@comment{
  The same as inproceedings, included for scribe compatability

  required fields: author, title, booktitle, year
  optional fields: editor, volume XOR number, series, pages, address, month, organization, publisher, note
}
                                                                                                                                                             
@Conference{,
  author       =   "",
  title        =   "",
  booktitle    =   "",
  year         =   "",
  editor       =   "",
  volume       =   "",
  number       =   "",
  series       =   "",
  pages        =   "",
  address      =   "",
  month        =   "",
  organization =   "",
  publisher    =   "",
  note         =   ""
}

