@comment{
  A part of a book, which may be a chapter (or section or whatever) and/or a range of pages

  required fields: author XOR editor, title, chapter and/or pages, publisher, year
  optional fields: volume XOR number, series, type, address, edition, month, note
}

@InBook{,
  author    =   "",
  editor    =   "",
  title     =   "",
  chapter   =   "",
  pages     =   "",
  publisher =   "",
  year      =   "",
  volume    =   "",
  number    =   "",
  series    =   "",
  type      =   "",
  address   =   "",
  edition   =   "",
  month     =   "",
  note      =   ""
}

