@comment{
  A part of a book having its own title

  required fields: author, title, booktitle, publisher, year
  optional fields: editor, volume XOR number, series, type, chapter, pages, address, edition, month, note
}

@InCollection{,
  author       = "",
  title        = "",
  booktitle    = "",
  publisher    = "",
  year         = "",
  editor       = "",
  volume       = "",
  number       = "",
  series       = "",
  type         = "",
  chapter      = "",
  pages        = "",
  address      = "",
  edition      = "",
  month        = "",
  note         = ""
}

