@comment{
  An article in a conference proceedings

  required fields: author, title, booktitle, year
  optional fields: editor, volume XOR number, series, pages, address, month, organization, publisher, note
}

@InProceedings{,
  author       =   "",
  title        =   "",
  booktitle    =   "",
  year         =   "",
  editor       =   "",
  volume       =   "",
  number       =   "",
  series       =   "",
  pages        =   "",
  address      =   "",
  month        =   "",
  organization =   "",
  publisher    =   "",
  note         =   ""
}

