@comment{
  Technical documentation

  required fields: title
  optional fields: author, organization, address, edition, month, year, note
}

@Manual{,
  title        = "",
  author       = "",
  organization = "",
  address      = "",
  edition      = "",
  month        = "",
  year         = "",
  note         = ""
}

