@comment{
  Use this type when nothing else fits

  required fields: -
  optional fields: author, title, howpublished, month, year, note

  key can be used as a sorting criterion
}

@Misc{,
  key           = "",
  author        = "",
  title         = "",
  howpublished  = "",
  month         = "",
  year          = "",
  note          = ""
}

