@comment{
  A Master's thesis

  required fields: author, title, school, year
  optional fields: type, address, month, note
}

@MastersThesis{,
  author    =   "",
  title     =   "",
  school    =   "",
  year      =   "",
  type      =   "{MSc thesis}",
  address   =   "",
  month     =   "",
  note      =   ""
}

