@comment{
  A PhD thesis

  required fields: author, title, school, year
  optional fields: type, address, month, note
}

@PhDThesis{,
  author    =   "",
  title     =   "",
  school    =   "",
  year      =   "",
  type      =   "{PhD thesis}",
  address   =   "",
  month     =   "",
  note      =   ""
}

