@comment{
  The proceedings of a conference

  required fields: title, year
  optional fields: editor, volume XOR number, series, address, month, organization, publisher, note
}

@Proceedings{,
  title        =    "",
  year         =    "",
  editor       =    "",
  volume       =    "",
  number       =    "",
  series       =    "",
  address      =    "",
  month        =    "",
  organization =    "",
  publisher    =    "",
  note         =    ""
}

