@comment{
  A report published by a school or other institution, usually numbered with a series

  required fields: author, title, institution, year
  optional fields: type, number, address, month, note
}

@TechReport{,
  author      =  "",
  title       =  "",
  institution =  "",
  year        =  "",
  type        =  "",
  number      =  "",
  address     =  "",
  month       =  "",
  note        =  ""
}

