@comment{
  A document having an author and title, but not formally published

  required fields: author, title, note
  optional fields: month, year
}

@UnPublished{,
  author  = "",
  title   = "",
  note    = "",
  month   = "",
  year    = ""
}

