%Blockchain entries
@ONLINE{Namecoin,
key = {Blockchain},
month = oct,
year = {2014},
title = {Namecoin},
howpublished={\url{http://namecoin.info}}
}

@article{fromknecht2014certcoin,
  title={CertCoin: A NameCoin Based Decentralized Authentication System 6.857 Class Project},
  author={Fromknecht, Conner and Velicanu, Dragos and Yakoubov, Sophia},
  year={2014}
}

@misc{garmandecentralized,
  title={Decentralized Anonymous Credentials. ePrint, 2013/622, 2013},
  author={Garman, C and Green, M and Miers, I}
}

%HSM Performance entries
@ONLINE{hsmperformance,
	author={Benedikt K\"oppel},
	title={Best Practices to Securely Operate Hardware Security Modules in a High Availability Setup},
	month = oct,
	year = {2014},
	howpublished={\url{ftp://ftp.tik.ee.ethz.ch/pub/students/2012-HS/SA-2012-27.pdf}}
}

%Distributed key generation
@incollection{boneh1997efficient,
  title={Efficient generation of shared RSA keys},
  author={Boneh, Dan and Franklin, Matthew},
  booktitle={Advances in Cryptology—CRYPTO'97},
  pages={425--439},
  year={1997},
  publisher={Springer}
}


@inproceedings{gilboa1999two,
  title={Two party RSA key generation},
  author={Gilboa, Niv},
  booktitle={Advances in Cryptology—CRYPTO’99},
  pages={116--129},
  year={1999},
  organization={Springer}
}
